<record><leader>00000cas a22000007a 4500</leader><controlfield tag="001">17419992</controlfield><controlfield tag="008">880202d19551957ohuwr ne      0    0eng d</controlfield><datafield ind1=" " ind2=" " tag="010"><subfield code="a">sn 88077089 </subfield></datafield><datafield ind1=" " ind2=" " tag="040"><subfield code="a">ONP</subfield><subfield code="b">eng</subfield><subfield code="c">ONP</subfield><subfield code="d">OCLCQ</subfield></datafield><datafield ind1=" " ind2=" " tag="042"><subfield code="a">msc</subfield></datafield><datafield ind1="0" ind2="0" tag="245"><subfield code="a">Stillwater Valley news and Bradford sentinel.</subfield></datafield><datafield ind1=" " ind2=" " tag="260"><subfield code="a">Covington, Ohio :</subfield><subfield code="b">Tom J. McFadden,</subfield><subfield code="c">1955-1957.</subfield></datafield><datafield ind1=" " ind2=" " tag="310"><subfield code="a">Weekly</subfield></datafield><datafield ind1="0" ind2=" " tag="362"><subfield code="a">32nd year, no. 38 (Dec. 8, 1955)-34th year, no. 10 (May 23, 1957).</subfield></datafield><datafield ind1=" " ind2=" " tag="752"><subfield code="a">United States</subfield><subfield code="b">Ohio</subfield><subfield code="c">Miami</subfield><subfield code="d">Covington.</subfield></datafield><datafield ind1="0" ind2="4" tag="780"><subfield code="t">Bradford sentinel</subfield><subfield code="w">(DLC)sn 90068117</subfield></datafield><datafield ind1="0" ind2="4" tag="780"><subfield code="t">Stillwater Valley news (Covington, Ohio : 1946)</subfield><subfield code="w">(DLC)sn 88077088</subfield></datafield></record>